@phdthesis{Gentrythesis,
     author = {Craig Gentry},
     title = {A fully homomorphic encryption scheme},
     school = {Stanford University},
     year = 2009,
     note = {\url{crypto.stanford.edu/craig}}
}


@article{CACM:Shamir79,
author = {Shamir, Adi},
title = {How to Share a Secret},
year = {1979},
issue_date = {Nov. 1979},
publisher = {Association for Computing Machinery},
address = {New York, NY, USA},
volume = {22},
number = {11},
issn = {0001-0782},
url = {https://doi.org/10.1145/359168.359176},
doi = {10.1145/359168.359176},
abstract = {In this paper we show how to divide data D into n pieces in such a way that D is easily reconstructable from any k pieces, but even complete knowledge of k - 1 pieces reveals absolutely no information about D. This technique enables the construction of robust key management schemes for cryptographic systems that can function securely and reliably even when misfortunes destroy half the pieces and security breaches expose all but one of the remaining pieces.},
journal = {Commun. ACM},
month = {nov},
pages = {612–613},
numpages = {2},
keywords = {key management, cryptography, interpolation}
}


@inproceedings{gong2024efficient,
  title={Efficient Zero-Knowledge Arguments For Paillier Cryptosystem},
  author={Gong, Borui and Lau, Wang Fat and Au, Man Ho and Yang, Rupeng and Xue, Haiyang and Li, Lichun},
  booktitle={2024 IEEE Symposium on Security and Privacy (SP)},
  pages={93--93},
  year={2024},
  organization={IEEE Computer Society}
}


@article{polk2015cryptographic,
  title={Cryptographic algorithms and key sizes for personal identity verification},
  author={Polk, W Timothy and Dodson, Donna F and Burr, William E and Ferraiolo, Hildegard and Cooper, David},
  journal={NIST Special Publication},
  volume={800},
  pages={78--4},
  year={2015}
}


@inproceedings{camenisch1999proving,
  title={Proving in zero-knowledge that a number is the product of two safe primes},
  author={Camenisch, Jan and Michels, Markus},
  booktitle={Advances in Cryptology—EUROCRYPT’99: International Conference on the Theory and Application of Cryptographic Techniques Prague, Czech Republic, May 2--6, 1999 Proceedings 18},
  pages={107--122},
  year={1999},
  organization={Springer}
}


@inproceedings{biryukov2016argon2,
  title={Argon2: new generation of memory-hard functions for password hashing and other applications},
  author={Biryukov, Alex and Dinu, Daniel and Khovratovich, Dmitry},
  booktitle={2016 IEEE European Symposium on Security and Privacy (EuroS\&P)},
  pages={292--302},
  year={2016},
  publisher={IEEE}
}

@inproceedings{alwen2017towards,
 author={Alwen, Joël and Blocki, Jeremiah},
  booktitle={2017 IEEE European Symposium on Security and Privacy (EuroS\&P)}, 
  title={Towards Practical Attacks on Argon2i and Balloon Hashing}, 
  year={2017},
  volume={},
  number={},
publisher={IEEE},
  pages={142-157},
  keywords={Security;Complexity theory;Proposals;Hardware;Memory management;Concrete;Parallel processing;Data Independent Memory Hard Function;Parallel Black Pebbling;Attacks},
  doi={10.1109/EuroSP.2017.47}}

@inproceedings{blocki2023towards,
  title={Towards a rigorous statistical analysis of empirical password datasets},
  author={Blocki, Jeremiah and Liu, Peiyuan},
  booktitle={2023 IEEE Symposium on Security and Privacy (SP)},
  pages={606--625},
  year={2023},
  organization={IEEE},
publisher = {IEEE},
  url={https://doi.org/10.1109/SP46215.2023.10179431}  
}


@article{rabin2005exchange,
  title={How to exchange secrets with oblivious transfer},
  author={Rabin, Michael O},
  journal={Cryptology ePrint Archive},
  year={2005}
}


@inproceedings{PKC:CampFioKho24,
  title={Witness encryption for succinct functional commitments and applications},
  author={Campanelli, Matteo and Fiore, Dario and Khoshakhlagh, Hamidreza},
  booktitle={IACR International Conference on Public-Key Cryptography},
  pages={132--167},
  year={2024},
  organization={Springer}
}

@inproceedings{EC:LewWat11,
  title={Decentralizing attribute-based encryption},
  author={Lewko, Allison and Waters, Brent},
  booktitle={Annual international conference on the theory and applications of cryptographic techniques},
  pages={568--588},
  year={2011},
  organization={Springer}
}


@article{gorbunov2015attribute,
  title={Attribute-based encryption for circuits},
  author={Gorbunov, Sergey and Vaikuntanathan, Vinod and Wee, Hoeteck},
  journal={Journal of the ACM (JACM)},
  volume={62},
  number={6},
  pages={1--33},
  year={2015},
  publisher={ACM New York, NY, USA}
}


@article{ameri2018key,
  title={A key-policy attribute-based temporary keyword search scheme for secure cloud storage},
  author={Ameri, Mohammad Hassan and Delavar, Mahshid and Mohajeri, Javad and Salmasizadeh, Mahmoud},
  journal={IEEE Transactions on Cloud Computing},
  volume={8},
  number={3},
  pages={660--671},
  year={2018},
  publisher={IEEE}
}

@inproceedings{EC:GDGJKLSSZ14,
  title={Functional encryption without obfuscation},
  author={Garg, Sanjam and Gentry, Craig and Halevi, Shai and Zhandry, Mark},
  booktitle={Theory of Cryptography: 13th International Conference, TCC 2016-A, Tel Aviv, Israel, January 10-13, 2016, Proceedings, Part II 13},
  pages={480--511},
  year={2016},
  organization={Springer}
}


@online{PailCPPLib,
    title = {Paillier CPP Library},
    url = {https://github.com/mshcruz/PaillierLibrarySamples},
    author = {Mateus S. H. Cruz},
    year = {2016},
    note = {December, 31}
}

@misc{gmpLib,
    title = {GMP CPP Library},
    url = {https://gmplib.org},
    author = {GNU project},
    year = {1991},
    note = {Last update:  2023-07-30}
}


@misc{CryptoPP,
    title = {CryptoPP CPP Library},
    url = {https://github.com/weidai11/cryptopp},
    author = {Wei Dai},
    year = {2016},
    note = {Version 5.6.5, release date: 2016-10-11}
}

@misc{GithubImp,
    title = {Anonymized Github implementation},
    url = {https://anonymous.4open.science/r/ConditionalEncryptionCPP-123F/README.md},
    author = {Anonymized author(s)},
    year = {2024},
    note = {April, 26}
}



@article{TOCT:ZGCV14,
  title={(Leveled) fully homomorphic encryption without bootstrapping},
  author={Brakerski, Zvika and Gentry, Craig and Vaikuntanathan, Vinod},
  journal={ACM Transactions on Computation Theory (TOCT)},
  volume={6},
  number={3},
  pages={1--36},
  year={2014},
  publisher={ACM New York, NY, USA}
}
